@misc{WorldAthletics_2013, 
  title={Backstage - SEIKO New Technologies}, 
  url={https://www.youtube.com/watch?v=THrQ1KyH2Oo}, 
  journal={Youtube}, 
  author={World Athletics}, 
  year={2013}, 
  month={Jul.}
  }

@misc{Preview,
  title={WCH Oregon22 preview: 100m and 110m hurdles}, 
  howpublished={https://worldathletics.org/competitions/world-athletics-championships/world-athletics-championships-oregon-2022-7137279/news/preview/world-championships-oregon-preview-100m-110m-hurdles},  
  author = {{World Athletics}},
  year={2022}, 
  month={Jul}
  }

 @misc{WAData, 
  title={World Athletics: World Athletics Championships: Results}, 
  url={https://www.worldathletics.org/results/world-athletics-championships}, 
  journal={worldathletics.org},
  author = {{World Athletics}},
  }

 @misc{Seiko, 
  title={{Seiko} designated as Official Timer for World Athletics Championships}, 
  url={https://worldathletics.org/competitions/world-athletics-championships/world-athletics-championships-oregon-2022-7137279/news/news/seiko-official-timer-oregon-22}, 
  journal={worldathletics.org},
  author = {{World Athletics}}, 
  year={2022}, 
  month={Jun}
  }

 @misc{Johnson, 
  title={Devon Allen DQ update: We've got even more data showing something was drastically different with the reaction times at worlds},
  url={https://www.letsrun.com/news/2022/08/devon-allen-dq-update-weve-got-even-more-data-showing-something-was-drastically-different-with-the-reaction-times-at-worlds/#:~:text=The%20slowest%20reaction%20time%20in,in%20the%202022%20US%20final.&amp;text=The%20average%20reaction%20time%20in,Worlds%20final%2C%20it%20was%200.122.}, 
  journal={LetsRun.com}, 
  publisher={LetsRun.com}, 
  author={Johnson, Robert}, 
  year={2022}, 
  month={Aug}
  }

 
@misc{Seiko-Timing,
title = {Timing/Measuring System},
author = {Seiko},
url = {https://www.seiko.co.jp/en/sports_music/sports/sports_timing/system/},
journal = {Seiko.co}
}

@misc{Hurley,
journal={Eagles sign 15 players to the practice squad},
publisher = {Philadelphia Eagles},
author = {Hurley, Sage},
url = {https://www.philadelphiaeagles.com/news/eagles-sign-15-players-to-the-practice-squad#:~:text=WR%20Devon%20Allen%20%E2%80%93%20The%20two,Olympic%20track%20and%20field%20athlete.},
year = {2022},
month = {Sep}
}

%The google scholar bibtex citation is very weak for the komi article so a
%citation generator was used instead
@article{komi2009iaaf,
author = {Ishikawa, Masaki and Komi, Paavo and Salmi, Jukka},
year = {2009},
month = {01},
pages = {37-47},
title = {IAAF Sprint Start Research Project: Is the 100 ms limit still valid?},
volume = {24},
journal = {IAAF New Studies in Athletics}
}

@article{jiang2017wilcoxon,
  title={Wilcoxon rank-based tests for clustered data with R package clusrank},
  author={Jiang, Yujing and He, Xin and Lee, Mei-Ling Ting and Rosner, Bernard and Yan, Jun},
  journal={arXiv preprint arXiv:1706.03409},
  year={2017}
}

@article{pilianidis2012start,
  title={Start reaction time and performance at the sprint events in World Athletic Championships},
  author={Pilianidis, TH and Mantzouranis, N and Kasabalis, A},
  journal={International Journal of Performance Analysis in Sport},
  volume={12},
  number={1},
  pages={112--118},
  year={2012},
  publisher={Taylor \& Francis}
}

@article{pain2007sprint,
  title={Sprint starts and the minimum auditory reaction time},
  author={Pain, Matthew TG and Hibbs, Angela},
  journal={Journal of sports sciences},
  volume={25},
  number={1},
  pages={79--86},
  year={2007},
  publisher={Taylor \& Francis}
}

@article{datta2005rank,
  title={Rank-sum tests for clustered data},
  author={Datta, Somnath and Satten, Glen A},
  journal={Journal of the American Statistical Association},
  volume={100},
  number={471},
  pages={908--915},
  year={2005},
  publisher={Taylor \& Francis}
}

